<?xml version="1.0" encoding="UTF-8"?><collection xmlns="http://www.loc.gov/MARC21/slim"><record><leader>00447nam--2200145-i-4500</leader><controlfield tag="001">000034025</controlfield><controlfield tag="002">20161230</controlfield><controlfield tag="005">20161230201039</controlfield><controlfield tag="008">060222s1000------------r-----000-0-eng-d</controlfield><datafield ind1=" " ind2=" " tag="080"><subfield code="a">514.853(061.3)</subfield></datafield><datafield ind1=" " ind2=" " tag="100"><subfield code="a">Moser, Jurgen., Newhoouse, Sheldon E.And Guckenheimer, John</subfield></datafield><datafield ind1=" " ind2=" " tag="245"><subfield code="a">Dynamical systems cimme lectures bessanone, italy, kune, 1978</subfield></datafield><datafield ind1=" " ind2=" " tag="260"><subfield code="a">Boston, Birkhauser, 1980, X + 290p</subfield></datafield><datafield ind1=" " ind2=" " tag="490"><subfield code="a">Progress In Mathematics</subfield></datafield><datafield ind1=" " ind2=" " tag="852"><subfield code="a">70155</subfield></datafield></record></collection>